@inproceedings{nassif-deep-submicron,
  author        = "S. R. Nassif",
  title         = "Design for variability in {DSM} technologies",
  booktitle     = "Proc. {IEEE} 1st Int. Symp. Quality Electron. Des. (ISQED)",
  address       = "San Jose, CA, USA",
  month         = mar,
  year          = "2000",
  pages         = "451-454"
}

@article{das-self-calibration-RF,
  author        = "T. Das and A. Gopalan and C. Washburn and P.R. Mukund",
  title         = "Self-calibration of input-match in {RF} front-end circuitry",
  journal       = IEEE_J_CASII,
  volume        = "52",
  number        = "12",
  month         = dec,
  year          = "2005",
  pages         = "821-825"
}

%%%%%%%%%%%%%%%   Do not edit below this line  %%%%%%%%%%%%%%%%%%
@IEEEtranBSTCTL{IEEEtran:BSTcontrol,
  CTLuse_article_number     = "yes",
  CTLuse_paper              = "yes",
  CTLuse_forced_etal        = "no",
  CTLmax_names_forced_etal  = "10",
  CTLnames_show_etal        = "1",
  CTLuse_alt_spacing        = "yes",
  CTLalt_stretch_factor     = "4",
  CTLdash_repeated_names    = "no",
  CTLname_format_string     = "{f.~}{vv~}{ll}{, jj}",
  CTLname_latex_cmd         = "",
  CTLname_url_prefix        = "[Online]. Available:"
}