@article{minson2015crowdsourced,
  title={Crowdsourced earthquake early warning},
  author={Minson, Sarah E and Brooks, Benjamin A and Glennie, Craig L and Murray, Jessica R and Langbein, John O and Owen, Susan E and Heaton, Thomas H and Iannucci, Robert A and Hauser, Darren L},
  journal={Science advances},
  volume={1},
  number={3},
  pages={e1500036},
  year={2015},
  publisher={American Association for the Advancement of Science}
}


@article{konevcny2010early,
  title={Early warning and disaster management: the importance of geographic information (Part A)},
  author={Kone{\v{c}}n{\`y}, Milan and Reinhardt, Wolfgang},
  journal={International Journal of Digital Earth},
  volume={3},
  number={3},
  pages={217--220},
  year={2010},
  publisher={Taylor \& Francis}
}

@inproceedings{kazai2016quality,
  title={Quality Management in Crowdsourcing using Gold Judges Behavior},
  author={Kazai, Gabriella and Zitouni, Imed},
  booktitle={Proceedings of the Ninth ACM International Conference on Web Search and Data Mining},
  pages={267--276},
  year={2016},
  organization={ACM}
}
